<record><leader>00000cas a22000007a 4500</leader><controlfield tag="001">21025531</controlfield><controlfield tag="008">900209c19769999aruwr ne      0    0eng d</controlfield><datafield ind1=" " ind2=" " tag="010"><subfield code="a">sn 90050040 </subfield></datafield><datafield ind1=" " ind2=" " tag="040"><subfield code="a">ANU</subfield><subfield code="b">eng</subfield><subfield code="c">ANU</subfield><subfield code="d">OCLCQ</subfield></datafield><datafield ind1=" " ind2=" " tag="042"><subfield code="a">msc</subfield></datafield><datafield ind1="0" ind2=" " tag="130"><subfield code="a">Tri-county record (Ash Flat, Ark.)</subfield></datafield><datafield ind1="1" ind2="4" tag="245"><subfield code="a">The Tri-county record.</subfield></datafield><datafield ind1=" " ind2=" " tag="260"><subfield code="a">Ash Flat, Ark. :</subfield><subfield code="b">Sharp County Record, Inc.</subfield></datafield><datafield ind1=" " ind2=" " tag="300"><subfield code="a">v.</subfield></datafield><datafield ind1=" " ind2=" " tag="310"><subfield code="a">Weekly</subfield></datafield><datafield ind1="0" ind2=" " tag="362"><subfield code="a">Vol. 100, no. 26 (July 1, 1976)-</subfield></datafield><datafield ind1=" " ind2=" " tag="752"><subfield code="a">United States</subfield><subfield code="b">Arkansas</subfield><subfield code="c">Sharp</subfield><subfield code="d">Ash Flat.</subfield></datafield><datafield ind1=" " ind2=" " tag="752"><subfield code="a">United States</subfield><subfield code="b">Arkansas</subfield><subfield code="c">Fulton.</subfield></datafield><datafield ind1=" " ind2=" " tag="752"><subfield code="a">United States</subfield><subfield code="b">Arkansas</subfield><subfield code="c">Izard.</subfield></datafield><datafield ind1="0" ind2="0" tag="780"><subfield code="t">Sharp County record (Evening Shade, Ark.)</subfield><subfield code="w">(DLC)sn 87091045</subfield></datafield></record>